@article{AliAhmed2011,
title = "Neuro-fuzzy system in partitioned client-side web cache ",
journal = "Expert Systems with Applications ",
volume={38 \textup{(12)}},
number = "12",
pages = "14715 - 14725",
year = "2011",
author = "Waleed Ali Ahmed and Siti Mariyam Shamsuddin",
}

@incollection{altingovde2009cost,
  title={A cost-aware strategy for query result caching in web search engines},
  author={Altingovde, Ismail Sengor and Ozcan, Rifat and Ulusoy, {\"O}zg{\"u}r},
  booktitle={Advances in Information Retrieval},
  pages={628--636},
  year={2009},
  publisher={Springer}
}

@inproceedings{baeza2003three,
  title={A three level search engine index based in query log distribution},
  author={Baeza-Yates, Ricardo and Saint-Jean, Felipe},
  booktitle={String Processing and Information Retrieval},
  pages={56--65},
  year={2003},
  organization={Springer}
}

@inproceedings{baeza2007impact,
  title={The impact of caching on search engines},
  author={Baeza-Yates, Ricardo and Gionis, Aristides and Junqueira, Flavio and Murdock, Vanessa and Plachouras, Vassilis and Silvestri, Fabrizio},
  booktitle={Proceedings of the 30th Annual International Conference on Research on  Development in Information Retrieval
},
  pages={183--190},
  year={2007},
%  organization={ACM}
}


@incollection{bauer2009batch,
  title={Batch dynamic single-source shortest-path algorithms: An experimental study},
  author={Bauer, Reinhard and Wagner, Dorothea},
  booktitle={Experimental Algorithms},
  pages={51--62},
  year={2009},
}


@incollection{Brodal2004cache,
  title={Cache-oblivious data structures and algorithms for undirected breadth-first search and shortest paths},
  author={Brodal, Gerth St{\o}lting and Fagerberg, Rolf and Meyer, Ulrich and Zeh, Norbert},
  booktitle={Algorithm Theory-SWAT 2004},
  pages={480--492},
  year={2004},
  publisher={Springer}
}


@inproceedings{cheng2012efficient,
  title={Efficient processing of distance queries in large graphs: A vertex cover approach},
  author={Cheng, James and Ke, Yiping and Chu, Shumo and Cheng, Carter},
  booktitle={Proceedings of the 2012  ACM Conference on Management of Data},
  pages={457--468},
  year={2012},
%  organization={ACM}
}

@book{cormen2001introduction,
  title={Introduction to algorithms},
  author={Cormen, Thomas H and Leiserson, Charles E and Rivest, Ronald L and Stein, Clifford and others},
  edition={3},
  year={2009},
  publisher={MIT press Cambridge}
}

@article{culpepper2010efficient,
  title={Efficient set intersection for inverted indexing},
  author={Culpepper, J Shane and Moffat, Alistair},
  journal={ACM Transactions on Information Systems (TOIS)},
 volume={29 \textup{(1)}},
   number={1},
  pages={1},
  year={2010},
  publisher={ACM}
}

@incollection{d2013dynamically,
  title={Dynamically maintaining shortest path trees under batches of updates},
  author={D'Andrea, Annalisa and D'Emidio, Mattia and Frigioni, Daniele and Leucci, Stefano and Proietti, Guido},
  booktitle={Structural Information and Communication Complexity},
  pages={286--297},
  year={2013},
 % publisher={Springer}
}

@article{d2014fully,
  title={Fully dynamic update of arc-flags},
  author={D'Angelo, Gianlorenzo and D'Emidio, Mattia and Frigioni, Daniele},
  journal={Networks},
  volume={63 \textup{(3)}},
  number={3},
  pages={243--259},
  year={2014},
  publisher={Wiley Online Library}
}



@incollection{delling2011customizable,
  title={Customizable route planning},
  author={Delling, Daniel and Goldberg, Andrew V and Pajor, Thomas and Werneck, Renato F},
  booktitle={Experimental algorithms},
  pages={376--387},
  year={2011},
  publisher={Springer}
}

@article{Fagni2006Boosting,
  title={Boosting the performance of Web search engines: Caching and prefetching query results by exploiting historical usage data.},
  author={Fagni, Tiziano and Perego, Raffaele and Silvestri, Fabrizio and Orlando, Salvatore},
  journal={Acm Transactions on Information Systems},
 volume={24 \textup{(1)}},
   number={1},
  pages={51-78},
  year={2006},
}

@inproceedings{gan2009improved,
  title={Improved techniques for result caching in web search engines},
  author={Gan, Qingqing and Suel, Torsten},
  booktitle={Proceedings of the 18th International Conference on World Wide Web},
  pages={431--440},
  year={2009},
 % organization={ACM}
}

@article{Garcia2013,
title = "A neural network based intelligent system for tile prefetching in web map services ",
journal = "Expert Systems with Applications ",
 volume={40 \textup{(10)}},
number = "10",
pages = "4096 - 4105",
year = "2013",
author = "Ricardo Garcia and Elena Verd{\'u} and Luisa M. Regueras and Juan P. de Castro and Maria J. Verd{\'u}",
}



@article{Hsu2011,
title = "A weighted segment-based caching algorithm for video streaming objects over heterogeneous networking environments ",
journal = "Expert Systems with Applications ",
 volume={38 \textup{(4)}},
number = "4",
pages = "3467 - 3476",
year = "2011",
author = "Tz-Heng Hsu and Yueh-Heng Li",
}

@inproceedings{Hu2005Proactive,
  title={Proactive caching for spatial queries in mobile environments},
  author={Hu, Haibo and Xu, Jianliang and Wong, Wing Sing and Zheng, Baihua and Lee, Dik Lun and Lee, Wang Chien},
  booktitle={Data Engineering, 2005. ICDE 2005. Proceedings. 21st International Conference on},
  pages={403-414},
  year={2005},
}


@inproceedings{Hung2006RESP,
  title={RESP: Shortest-Path-Based Cache Replacement in a Transcoding Proxy},
  author={Hung, Hao Ping and Chen, Ming Syan},
  booktitle={Multimedia and Expo, 2006 IEEE International Conference on},
  pages={1145-1148},
  year={2006},
}



@article{Hung2009On,
  title={On designing a shortest-path-based cache replacement in a transcoding proxy},
  author={Hung, Hao Ping and Chen, Ming Syan},
  journal={Multimedia Systems},
 volume={15 \textup{(2)}},
   number={2},
  pages={49-62},
  year={2009},
}


@incollection{Kriegel2008Hierarchical,
  title={Hierarchical graph embedding for efficient query processing in very large traffic networks},
  author={Kriegel, H.-P. and Kroger, P.  and Renz, M.  and Schmidt, T. },
  booktitle={Scientific and Statistical Database Management Conference},
  pages={150--167},
  year={2008},
%  publisher={SSDBM}
}

@article{Lee2006Caching,
  title={Caching Complementary Space for Location-Based Services},
  author={Lee, Ken C. K. and Lee, Wang Chien and Zheng, Baihua and Xu, Jianliang},
  journal={Lecture Notes in Computer Science},
  volume={3896},
  pages={1020-1038},
  year={2006},
}

@incollection{lee2007,
  title={Continuous evaluation of fastest path queries on road networks},
  author={Lee, Chia-Chen and Wu, Yi-Hung and Chen, Arbee LP},
  booktitle={Advances in Spatial and Temporal Databases},
  pages={20--37},
  year={2007},
 % publisher={Springer}
}


@article{Lee2013trajectorysearch,
  title={Exploring pattern-aware travel routes for trajectory search},
  author={Wei, Ling-Yin and Peng, Wen-Chih and Lee, Wang-Chien},
  journal={ACM Transactions on Intelligent Systems and Technology (TIST)},
 volume={4 \textup{(3)}},
  number={3},
  pages={48},
  year={2013},
  publisher={ACM}
}

@article{Levin2014routesearch,
  title={TARS: Discovering pattern-aware route search},
  author={Levin, Roy and Kanza, Yaron},
  journal={Geoinformatica},
 volume={18 \textup{(3)}},
   number={3},
  pages={461-500},
  year={2014},
}

@incollection{li2013,
  title={An improved algorithm to enhance the utilization of shortest path caches},
  author={Li, Xiaohua and Wang, Shimeng and Yang, Xiaochun and Wang, Bin and Yu, Ge},
  booktitle={Web Information System and Application},
  pages={419--424},
  year={2013},
%  publisher={IEEE}
}

@inproceedings{Li2014refreshment,
  title={ Refreshment strategies for shortest path caching problem with changing edge weight},
  author={Li, Xiaohua and Qiu, Tao and Yang, Xiaochun and Wang, Bin and Yu, Ge},
  booktitle={Asia Pacific Web Conference},
  pages={331--342},
  year={2014},
 % organization={Apweb}
}
@incollection{liu2011generalization,
  title={A generalization based approach for anonymizing weighted social network graphs},
  author={Liu, Xiangyu and Yang, Xiaochun},
  booktitle={Web-Age Information Management},
  pages={118--130},
  year={2011},
 % publisher={Springer}
}

@inproceedings{Long2005Three-Level,
  title={Three-level caching for efficient query processing in large web search engines},
  author={Long, X. and Suel, T.},
  booktitle={World Wide Web Conference},
  pages={257--266},
  year={2005},
 % organization={WWW}
}


@article{markatos2001caching,
  title={On caching search engine query results},
  author={Markatos, Evangelos P.},
  journal={Computer Communications},
 volume={24 \textup{(2)}},
   number={2},
  pages={137--143},
  year={2001},
  publisher={Elsevier}
}

@inproceedings{ONeil1997,
 author = {O'Neil, Patrick and Quass, Dallan},
 title = {Improved Query Performance with Variant Indexes},
 booktitle = {Proceedings of the ACM Conference on Management of Data},
pages = {38--49},
year = {1997},
}


@article{ozcan2012five,
  title={A five-level static cache architecture for web search engines},
  author={Ozcan, Rifat and Altingovde, I Sengor and Cambazoglu, B Barla and Junqueira, Flavio P and Ulusoy, {\"O}Zg{\"u}R},
  journal={Information Processing \& Management},
 volume={48 \textup{(5)}},
   number={5},
  pages={828--840},
  year={2012},
  publisher={Elsevier}
}

@inproceedings{potamias2009fast,
  title={Fast shortest path distance estimation in large networks},
  author={Potamias, Michalis and Bonchi, Francesco and Castillo, Carlos and Gionis, Aristides},
  booktitle={Proceedings of the 18th ACM International Conference on Information and Knowledge Management
},
  pages={867--876},
  year={2009},
 % organization={CIKM}
}

@article{ramalingam1996computational,
  title={On the computational complexity of dynamic graph problems},
  author={Ramalingam, Ganesan and Reps, Thomas},
  journal={Theoretical Computer Science},
 volume={158 \textup{(1)}},
   number={1},
  pages={233--277},
  year={1996},
  publisher={Elsevier}
}

@article{Sadeghi2011Real,
  title={Real world representation of a road network for route planning in GIS},
  author={Sadeghi-Niaraki, Abolghasem and Varshosaz, Masood and Kim, Kyehyun and Jung, Jason J.},
  journal={Expert Systems with Applications},
 volume={38 \textup{(10)}},
  number={10},
  pages={11999-12008},
  year={2011},
}


@article{Safar2008Restricted,
  title={Restricted Continuous KNN Queries on Road Networks with Caching Enhancement.},
  author={Safar, Maytham and Ebrahimi, Dariush and Jane, F and Magdalene, Mary and Nadarajan, R},
  journal={Journal of Digital Information Management},
 volume={6 \textup{(1)}},
   number={1},
  year={2008}
}

@article{Song2014PRESS,
  title={PRESS: A novel framework of trajectory compression in road networks},
  author={Song, Renchu and Sun, Weiwei and Zheng, Baihua and Zheng, Yu},
  journal={Eprint Arxiv},
 volume={7 \textup{(9)}},
  number={9},
  pages={661-672},
  year={2014},
}


@inproceedings{thomsen2012effective,
  title={Effective caching of shortest paths for location-based services},
  author={Thomsen, Jeppe Rishede and Yiu, Man Lung and Jensen, Christian S},
  booktitle={Proceedings of the 2012 ACM Conference on Management of Data
},
  pages={313--324},
  year={2012},
 % organization={ACM}
}




@inproceedings{tian2009monitoring,
  title={Monitoring minimum cost paths on road networks},
  author={Tian, Yuan and Lee, Ken CK and Lee, Wang-Chien},
  booktitle={Proceedings of the 17th ACM International Conference on Advances in Geographic Information Systems},
  pages={217--226},
  year={2009},
%  organization={ACM}
}

@article{Wang2016,
title = "Mining frequent biological sequences based on bitmap without candidate sequence generation",
journal = "Computers in Biology and Medicine ",
volume = "69",
number = "",
pages = "152 - 157",
year = "2016",
author = "Qian Wang and Darryl N Davis and Jiadong Ren",
}


@inproceedings{wei2010tedi,
  title={TEDI: Efficient shortest path query answering on graphs},
  author={Wei, Fang},
  booktitle={Proceedings of the 2010 ACM Conference on Management of Data
},
  pages={99--110},
  year={2010},
 % organization={ACM}
}


@article{Wei2013Discoveringpattern-aware,
  title={Discovering pattern-aware routes from trajectories},
  author={Wei, Ling-Yin and Chang, Kai-Ping and Peng, Wen-Chih},
  journal={Distributed and Parallel Databases},
 volume={33 \textup{(2)}},
   number={2},
  pages={201--226},
  year={2015},
 % publisher={Springer}
}

@article{wu2012shortest,
  title={Shortest path and distance queries on road networks: An experimental evaluation},
  author={Wu, Lingkun and Xiao, Xiaokui and Deng, Dingxiong and Cong, Gao and Zhu, Andy Diwen and Zhou, Shuigeng},
  journal={Proceedings of the International Conference on Very Large Data Bases },
 volume={5 \textup{(5)}},
   number={5},
  pages={406--417},
  year={2012},
 % publisher={VLDB Endowment}
}


@article{Yu2016Spatial,
  title={Spatial co-location pattern mining for location-based services in road networks},
  author={Yu, Wenhao},
  journal={Expert Systems with Applications},
  volume={46},
  pages={324-335},
  year={2016},
}


@inproceedings{Zhaohui2003shortest,
  title={Shortest Path Problem with Cache dependent Path Lengths},
  author={Zhaohui Fu, Andy Knrnia, Andrew Lim and iBrian Rodrigues},
  booktitle={The 2003 Congress on Evolutionary Computation},
  pages={2756-2761},
  year={2013},
}



@article{Zheng2001Semantic,
  title={Semantic Caching In Location-Dependent Query Processing},
  author={Zheng, Baihua and Lee, Dik Lun},
  journal={Sstd},
  volume={2121},
  pages={97-113},
  year={2001},
}

@book{Diestel-graph,
  author    = {Reinhard Diestel},
  title     = {Graph Theory, 4th Edition},
  series    = {Graduate texts in mathematics},
  volume    = {173},
  publisher = {Springer},
  year      = {2012},
  isbn      = {978-3-642-14278-9}
}

@inproceedings{kanoulas2006finding,
  title={Finding fastest paths on a road network with speed patterns},
  author={Kanoulas, Evangelos and Du, Yang and Xia, Tian and Zhang, Donghui},
  booktitle={Proceedings of the 22nd IEEE International Conference on Data Engineering
},
  pages={10--10},
  year={2006},
%  organization={IEEE}
}

@article{fu1998expected,
  title={Expected shortest paths in dynamic and stochastic traffic networks},
  author={Fu, Liping and Rilett, Larry R},
  journal={Transportation Research Part B: Methodological},
 volume={32 \textup{(7)}},
   number={7},
  pages={499--516},
  year={1998},
  publisher={Elsevier}
}

@inproceedings{ding2008finding,
  title={Finding time-dependent shortest paths over large graphs},
  author={Ding, Bolin and Yu, Jeffrey Xu and Qin, Lu},
  booktitle={Proceedings of the 11th international conference on Extending database technology: Advances in database technology},
  pages={205--216},
  year={2008},
 % organization={ACM}
}

@article{lauther2004extremely,
  title={An extremely fast, exact algorithm for finding shortest paths in static networks with geographical background},
  author={Lauther, Ulrich},
  journal={Geoinformation und Mobilit{\"a}t-von der Forschung zur praktischen Anwendung},
  volume={22},
  pages={219--230},
  year={2004}
}

@article{berrettini2009arc,
  title={Arc-flags in dynamic graphs},
  author={Berrettini, Emanuele and D'Angelo, Gianlorenzo and Delling, Daniel},
  journal={OASIcs-OpenAccess Series in Informatics},
  volume={12},
  year={2009},
  organization={Schloss Dagstuhl-Leibniz-Zentrum f{\"u}r Informatik.}
}


@article{frigioni1996fully,
  title={Fully dynamic output bounded single source shortest path problem},
  author={Frigioni, Daniele and Marchetti-Spaccamela, Alberto and Nanni, Umberto},
  journal={ACM-SIAM Symposium on Discrete Algorithms},
  volume={96},
  pages={212--221},
  year={1996}
}

@article{narvaez2000new,
  title={New dynamic algorithms for shortest path tree computation},
  author={Narv{\'a}ez, Paolo and Siu, Kai-Yeung and Tzeng, Hong-Yi},
  journal={IEEE/ACM Transactions on Networking},
 volume={8 \textup{(6)}},
   number={6},
  pages={734--746},
  year={2000},
  publisher={IEEE Press}
}

@article{mcquillan1980new,
  title={The new routing algorithm for the ARPANET},
  author={McQuillan, John M and Richer, Ira and Rosen, Eric C},
  journal={Communications, IEEE Transactions on},
 volume={28 \textup{(5)}},
  number={5},
  pages={711--719},
  year={1980},
  publisher={IEEE}
}

@article{o1993lru,
  title={The {LRU-K} page replacement algorithm for database disk buffering},
  author={O'Neil, Elizabeth J and O'Neil, Patrick E and Weikum, Gerhard},
  journal={ACM SIGMOD Record},
 volume={22 \textup{(2)}},
   number={2},
  pages={297--306},
  year={1993},
  publisher={ACM}
}

@inproceedings{thomsen2014concise,
  title={Concise caching of driving instructions},
  author={Thomsen, Jeppe Rishede and Yiu, Man Lung and Jensen, Christian S},
  booktitle={Proceedings of the 22nd ACM  International Conference on Advances in Geographic Information Systems},
  pages={23--32},
  year={2014},
 % organization={ACM}
}
